@online{bitkom2016,
  author={bitkom},
  title={{Spezialstudie Wirtschaftsschutz}},
  year={2016},
  url={https://www.bitkom.org/Bitkom/Publikationen/Spezialstudie-Wirtschaftsschutz.html},
  urldate={2017-06-24},
}

@online{ibm2015,
  author={Bradley, Nicholas and Alvarez, Michelle and Kuhn, John and McMillen, David},
  organization={IBM},
  title={{IBM 2015 Cyber Security Intelligence Index}},
  year={2015},
  url={http://www-01.ibm.com/common/ssi/cgi-bin/ssialias?htmlfid=SEW03073USEN},
  urldate={2017-06-24},
}




% -----------------------BEISPIELE----------------------------------------------

%-----------------------------Bücher------------------------------------------------- 
 
%required: author,title,publisher,year
%optional: volume,number,series,address,edition,month,isbn,note
@book{Beut2009,
  author={Beutelspacher, Albrecht},
  title={{Kryptologie: Eine Einführung in die Wissenschaft vom Verschlüsseln,
    Verbergen und Verheimlichen}},
  publisher={Vieweg + Teubner},
  year={2009},
  address={Wiesbaden},
  edition={9. akt. Auflage}
}

% ------------------Artikel einer Zeitung oder eines Magazins-------------------

  %required: author,title,journal,year
  %optional: volume,number,pages,month,note,doi/url+urldate
@article{Lamp1981,
  author={Lamport, Leslie},
  title={{Password authentication with insecure communication}},
  journal={Communications of the ACM},
  year={1981},
  volume={24},
  number={11},
  pages={770-772},
}

% ----------------------------- Konferenzbeitraege -----------------------------

  %required: author,title,booktitle,year,editor,publisher
  %optional: series,volume,number,pages,address,month,organization,note,
  %  doi/url+urldate
@inproceedings{HSFN2009,
  author={Herrmann, Dominik and Scheuer, Florian and Feustel, Philipp and Nowey,
    Thomas and Federrath, Hannes},
  title={{A Privacy-Preserving Platform for User-Centric Quantitative
    Benchmarking}},
  booktitle={Proceedings of the 6th International Conference on Trust, Privacy
  and Security in Digital Business},
  year={2009},
  editor={Fischer{-}Hübner, Simone and Lambrinoudakis, Costas and Pernul,
    Günther},
  volume={5695},
  series={Lecture Notes in Computer Science},
  pages={32-41},
  address={Berlin},
  publisher={Springer-Verlag},
}

%==================================Onlinequellen==================================

%required: author,title,year,url+urldate
%optional: version,organisation,month,note
@online{CCC2009,
  author={Kurz, Constanze and Rieger, Frank},
  title={{Chaos Computer Club veröffentlicht Stellungnahme zur
    Vorratsdatenspeicherung}},
  year={2009},
  month={jul},
  url={http://www.ccc.de/updates/2009/vds-gutachten},
  urldate={2014-12-05},
}

%==================================Weitere==================================

%_incollection{<key>,
%  %required: author,title,booktitle,year,editor,publisher
%  %optional: series,volume,number,type,chapter,pages,address,edition,
%  %  month,isbn,note,doi/url+urldate
%}

%_patent{<key>,
%  %required: author,title,number,year
%  %optioal: holder,version,month,type,address,note,doi/url+urldate
%}

%_thesis{<key>,
%  %required: author,title,type,institution,year
%  %optional: month,pubstate,address,note,doi/url+urldate
%}

%_unpublished{<key>,
%  %required: author,title,year
%  %optional: month,pubstate,address,note,url+urldate
%}

% required: author,title,year
% optional: howpublished,version,organisation,month,address,note,url+urldate
@misc{Tolk2003,
  author={Tolksdorf, Robert},
  title={{Wie halte ich ein Referat und wie schreibe ich ein Papier}},
  year={2003},
  howpublished={Präsentation},
  address={FU Berlin},
}
